<?xml version="1.0" encoding="UTF-8"?><collection xmlns="http://www.loc.gov/MARC21/slim"><record><leader>00341nam--2200121-i-4500</leader><controlfield tag="001">000041475</controlfield><controlfield tag="002">20161230</controlfield><controlfield tag="005">20161230201043</controlfield><controlfield tag="008">060222s1000------------r-----000-0-eng-d</controlfield><datafield ind1=" " ind2=" " tag="100"><subfield code="a">Shilling,Charles Wesley</subfield></datafield><datafield ind1=" " ind2=" " tag="245"><subfield code="a">Atomic energy enciclopedia in the life sciences</subfield></datafield><datafield ind1=" " ind2=" " tag="260"><subfield code="a">Philadelphia, W.B.Saunders Co.,1964. Xxvi + 474 P</subfield></datafield><datafield ind1=" " ind2=" " tag="852"><subfield code="a">D.365</subfield></datafield></record></collection>